<?xml version="1.0" encoding="UTF-8"?><collection xmlns="http://www.loc.gov/MARC21/slim"><record><leader>00523nam--2200193-i-4500</leader><controlfield tag="001">000000038</controlfield><controlfield tag="002">20161230</controlfield><controlfield tag="005">20170106165506</controlfield><controlfield tag="008">060222s1000------------r-----000-0-rus-d</controlfield><datafield ind1=" " ind2=" " tag="040"><subfield code="a">IFIN-HH</subfield></datafield><datafield ind1=" " ind2=" " tag="041"><subfield code="a">rus</subfield></datafield><datafield ind1=" " ind2=" " tag="080"><subfield code="a">533.9</subfield></datafield><datafield ind1="1" ind2=" " tag="100"><subfield code="a">Namitokov, K. K</subfield></datafield><datafield ind1="1" ind2="0" tag="245"><subfield code="a">Matematiceskoe modelirovanie protessov v gazorazriadnoi plazme</subfield><subfield code="c">K.K. Namitokov, P.L. Pahomov, S.N. Harin</subfield></datafield><datafield ind1=" " ind2=" " tag="260"><subfield code="a">Alma-Ata</subfield><subfield code="b">Nauka</subfield><subfield code="c">1988</subfield></datafield><datafield ind1=" " ind2=" " tag="300"><subfield code="a">208 p</subfield></datafield><datafield ind1="1" ind2=" " tag="700"><subfield code="a">Harin, S. N</subfield></datafield><datafield ind1=" " ind2=" " tag="852"><subfield code="a">74845</subfield><subfield code="c">533.9</subfield></datafield><datafield ind1=" " ind2=" " tag="CAT"><subfield code="a">SYS</subfield><subfield code="c">20170106</subfield><subfield code="h">165506</subfield></datafield></record></collection>